@Article{ zayats,
author = {Zayats, A.V. and Smolyaninov, I.I. and Maradudin, A.A.},
title = {Nano-optics of surface plasmon polaritons},
journal = {Physics Reports},
volume = {\textbf{408}},
year = {2005} }


@Article{ akimov,
author = {Yu.A. Akimov and H.S. Chu},
title = {Plasmon coupling effect on propagation of surface plasmon polaritons at a~continuous metal/dielectric interface},
journal = {Phys. Rev. B},
volume = {\textbf{83}},
year = {2011} }


@Book{ ginzburg,
author = {V.L. Ginzburg},
title = {Propagation of Electromagnetic Waves in Plasma},
publisher = {Gordon and Breach},
year = {1961},
address = {New York} }


@Book{ prigogine,
editor = {I. Prigogine and S.A. Rice},
title = {Aspects of the~study of surfaces},
publisher = {Wiley},
year = {1974},
volume = {\textbf{27}},
series = {Advances in Chemical Physics},
address = {New York} }


@Article{ friedel,
author = {J. Friedel},
title = {The distribution of electrons round impurities in monovalent metals},
journal = {Phil. Mag.},
year = {1951},
volume = {\textbf{43}},
pages = {pp. 153-189} }


@Book{ LLtom7,
Author = {L.D. Landau and L.P. Pitaevskii and A.M. Kosevich and E.M. Lifshitz},
Title = {Theory of Elasticity (Third Edition)},
Publisher = {Pergamon Press},
volume = {\textbf{7}},
series = {Course of Theoretical Physics},
address = {New York},
Year = {1986} }


@Book{ LLtom8,
Author = {L.D. Landau and L.P. Pitaevskii and E.M. Lifshitz},
Title = {Electrodynamics of Continuous Media (Second Edition)},
Publisher = {Pergamon Press},
volume = {\textbf{8}},
series = {Course of Theoretical Physics},
address = {New York},
Year = {1984} }

%%%%%%%%%%%%%%%%%%%%%%%%%%%%%%%%%%%%%%%%%%
%%%%%%%%%%%%%%%%%%%%%%%%%%%%%%%%%%%%%%%%%%
%%%%%%%%%%%%%%%%%%%%%%%%%%%%%%%%%%%%%%%%%%

@Article{ quinten,
author = {M. Quinten and A. Leitner and J.R. Krenn and F.R. Aussenegg},
title = {Electromagnetic energy transport via linear chains of silver nanoparticles},
journal = {Opt. Lett.},
year = {1998},
volume = {\textbf{23}} }


@Article{ brongersma,
author = {M.L. Brongersma and J.W. Hartman and H.A. Atwater},
title = {Electromagnetic energy transfer and switching in nanoparticle chain arrays below the~diffraction limit},
journal = {Phys. Rev. B},
year = {2000},
volume = {\textbf{62}} }


@Article{ maier,
author = {S.A. Maier and others},
title = {Local detection of electromagnetic energy transport below the~diffraction limit in metal nanoparticle plasmon waveguides},
journal = {Nat. Mater.},
year = {2003},
volume = {\textbf{2}} }


Article{ maierfull,
author = {S.A. Maier and P.G. Kik and H.A. Atwater and S. Meltzer and E. Harel and B.E. Koel and A.A.G.\textcolor{white}{a}Requicha},
title = {Local detection of electromagnetic energy transport below the~diffraction limit in metal nanoparticle plasmon waveguides},
journal = {Nat. Mater.},
year = {2003},
volume = {\textbf{2}} }


@Article{ ford,
author = {W.H. Weber and G.W. Ford},
title = {Propagation of optical excitations by dipolar interactions in metal nanoparticle chains},
journal = {Phys. Rev. B},
year = {2004},
volume = {\textbf{70}} }


@Article{ markel,
author = {V.A. Markel and A.K. Sarychev},
title = {Propagation of surface plasmons in ordered and disordered chains of metal
nanospheres},
journal = {Phys. Rev. B},
year = {2007},
volume = {\textbf{75}} }


@Article{ papanikolaou,
author = {C. Tserkezis and N. Papanikolaou and E. Almpanis and N. Stefanou},
title = {Tailoring plasmons with metallic nanorod arrays},
journal = {Phys. Rev. B},
year = {2009},
volume = {\textbf{80}} }


@Article{ malyshev,
author = {P.J. Compaijen and V.A. Malyshev and J. Knoester},
title = {Surface-mediated light transmission in metal nanoparticle chains},
journal = {Phys. Rev. B},
year = {2013},
volume = {\textbf{87}} }


@Article{ vergeles,
author = {S. Belan and S. Vergeles},
title = {Plasmon mode propagation in array of closely spaced metallic cylinders},
journal = {Opt. Mat. Express},
year = {2015},
volume = {\textbf{5}} }


@Article{ evans,
author = {D.V. Evans and R. Porter},
title = {Trapping and near-trapping by arrays of cylinders in waves},
journal = {Journal of Engineering Mathematics},
year = {1999},
volume = {\textbf{35}} }


@Article{ jalabert,
author = {A. Brandstetter-Kunc and G. Weick and C.A. Downing and D. Weinmann and R.A. Jalabert},
title = {Nonradiative limitations to plasmon propagation in chains of metallic nanoparticles},
journal = {Phys. Rev. B},
year = {2016},
volume = {\textbf{94}} }


@Article{ huang1,
author = {H.H. Huang and C.T. Sun},
title = {Wave attenuation in an~acoustic metamaterial with negative effective mass density},
journal = {New J. Phys.},
year = {2009},
volume = {\textbf{11}} }


@Article{ huang2,
author = {H.H. H{u}ang and C.T. Sun},
title = {Anomalous wave propagation in one-dimensional acoustic metamaterial having simaltaneously negative mass density and {Y}oung's modulus},
journal = {J.~Acoust. Soc. Am.},
year = {2012},
volume = {\textbf{132}} }


@Article{ kaina,
author = {N. Kaina and F. Lemoult and M. Fink and G. Lerosey},
title = {Negative refractive index and acoustic superlens from multiple scattering in single negative metamaterials},
journal = {Nature},
year = {2015},
volume = {\textbf{525}} }


@Article{ haberman,
author = {M.R. Haberman and M.D. Guild},
title = {Acoustic metamaterials},
journal = {Phys. Today},
year = {2016},
volume = {\textbf{69}(6)},
pages = {p. 42} }


@Article{ cummer,
author = {S.A. Cummer and J. Christensen and A. Al\'{u}},
title = {Controlling sound with acoustic metamaterials},
journal = {Nat. Rev. Mater.},
year = {2016},
volume = {\textbf{1}} }


@Article{ martin,
author = {T.P. Martin and C.N. Layman and K.M. Moore and G.J. Orris},
title = {Elastic shells with high-contrast material properties as acoustic metamaterial components},
journal = {Phys. Rev. B},
year = {2012},
volume = {\textbf{85}} }


@Article{ norris1,
author = {A.S. T{i}tovich and A.N. Norris},
title = {Acoustic {P}oisson-like effect in periodic structures},
journal = {J.~Acoust. Soc. Am.},
year = {2016},
volume = {\textbf{139}} }


@Article{ norris2,
author = {A.S. Titovich and A.N. Norris},
title = {Tunable cylindrical shell as an~element in acoustic metamaterial},
journal = {J.~Acoust. Soc. Am.},
year = {2014},
volume = {\textbf{136}} }


@Article{ norris3,
author = {A.S. Ti{t}ovich and A.N. Norris},
title = {Acoustic scattering from an~infinitely long cylindrical shell with an~internal mass attached by multiple axisymmetrically distributed stiffeners},
journal = {J. Sound. Vib.},
year = {2015},
volume = {\textbf{338}} }


@Article{ garcia1,
author = {V.M. Garc{\'\i}a-Chocano and J. S\'{a}nchez-Dehesa},
title = {Anomalous sound absorption in lattices of cylindrical perforated shells},
journal = {Appl. Phys. Lett.},
year = {2015},
volume = {\textbf{106}} }


@Article{ garcia11,
author = {J. S\'{a}nchez-Dehesa and others},
title = {Noise control by sonic crystal barriers made of recycled materials},
journal = {J.~Acoust. Soc. Am.},
year = {2011},
volume = {\textbf{129}} }


Article{ garcia11full,
author = {J. S\'{a}nchez-Dehesa and V.M. Garc{\'\i}a-Chocano and D. Torrent and F. Cervera and S. Cabrera and F. Simon},
title = {Noise control by sonic crystal barriers made of recycled materials},
journal = {J.~Acoust. Soc. Am.},
year = {2011},
volume = {\textbf{129}} }


@Article{ jose,
author = {J.V. S\'{a}nchez-P\'{e}rez and others},
title = {Sound attenuation by a~two-dimensional array of rigid cylinders},
journal = {Phys. Rev. Lett.},
year = {1998},
volume = {\textbf{80}} }


Article{ josefull,
author = {J.V. S\'{a}nchez-P\'{e}rez and D. Caballero and R. M\'{a}rtinez-Sala and C. Rubio and J. S\'{a}nchez-Dehesa and F. Meseguer and J. Llinares and F. G\'{a}lvez},
title = {Sound attenuation by a~two-dimensional array of rigid cylinders},
journal = {Phys. Rev. Lett.},
year = {1998},
volume = {\textbf{80}} }


@Article{ ward,
author = {G.P. Ward and A.P. Hibbins and J.R. Sambles and J.D. Smith},
title = {Acoustic transmission through compound subwavelength slit arrays},
journal = {Phys. Rev. B},
year = {2016},
volume = {\textbf{94}} }


@Article{ deraa1,
author = {B. van der Aa and J. Forss\'{e}n},
title = {Upward refraction of sound propagating outdoors by a~graded index sonic crystal noise barrier},
journal = {Applied Acoustics},
year = {2013},
volume = {\textbf{74}} }


@Article{ channel1,
author = {V.M. Garc\'{\i}a-Chocano and others},
title = {Resonant coupling of {R}ayleigh waves through a~narrow fluid channel causing extraordinary low acoustic transmission},
journal = {J.~Acoust. Soc. Am.},
year = {2012},
volume = {\textbf{132}} }


Article{ channel1full,
author = {V.M. Garc\'{\i}a-Chocano and Nagaraj and T. L\'{o}pez-Rios and L. Gumen and J. S\'{a}nchez-Dehesa and A. Krokhin},
title = {Resonant coupling of {R}ayleigh waves through a~narrow fluid channel causing extraordinary low acoustic transmission},
journal = {J.~Acoust. Soc. Am.},
year = {2012},
volume = {\textbf{132}} }


@Article{ channel2,
author = {A. Bozhko and V.M. Garc\'{\i}a-Chocano and J. S\'{a}nchez-Dehesa and A. Krokhin},
title = {Redirection of sound in straight fluid channel with elastic boundaries},
journal = {Phys. Rev. B},
year = {2015},
volume = {\textbf{91}} }


@Article{ maa,
author = {D.-Y. Maa},
title = {Potential of microperforated panel absorber},
journal = {J.~Acoust. Soc. Am.},
year = {1998},
volume = {\textbf{104}(5)} }


@Article{ maa2,
author = {D.-Y. M{a}a},
title = {Theory and design of microperforated panel sound absorbing constructions},
journal = {Sci. Sin.},
year = {1975},
volume = {\textbf{18}} }


@Book{ crandall,
author = {I.B. Crandall},
title = {Theory of vibrating systems and sound},
publisher = {D. Van Nostrand},
year = {1926},
address = {New York} }


@Article{ guo,
author = {Y. Guo and S. Allam and M. {\AA}bom},
title = {Acoustical study of micro-perforated plates for vehicle applications},
journal = {SAE Technical Paper No. 2009-01-2037},
year = {2009}}


@Article{ ingard,
author = {U. Ingard},
title = {On the~theory and design of acoustic resonators},
journal = {J. Acoust. Soc. Am.},
year = {1953},
volume = {\textbf{25}} }


@Article{ garcia2,
author = {V. M. Garc{\'\i}a-Chocano and S. Cabrera and J. S\'{a}nchez-Dehesa},
title = {Broadband sound absorption by lattices of microperforated cylindrical shells},
journal = {Appl. Phys. Lett.},
year = {2012},
volume = {\textbf{101}} }


@PhdThesis{ victorthesis,
author = {V.M. Garc\'{\i}a-Chocano},
title = {New devices for noise control and acoustic cloaking},
school = {Universitat Polit\`{e}cnica  de Val\`{e}ncia},
address = {Valencia, Spain},
year = {2015} }


@Article{ deraa2,
author = {B. {v}an der Aa and J. Forss\'{e}n},
title = {Scattering by an~array of perforated cylinders with a~porous core},
journal = {J.~Acoust. Soc. Am.},
year = {2014},
volume = {\textbf{136}} }


@Article{ zhang,
author = {Y. Zhang and P. Wei},
title = {The scattering of acoustic wave by a~chain of elastic spheres in liquid},
journal = {Journal of Vibration and Acoustics},
year = {2004},
volume = {\textbf{136}} }


@Article{ sainidou,
author = {R. Sainidou and N. Stefanou and I.E. Psarobas and A. Modinos},
title = {Scattering of elastic waves by a~periodic monolayer of spheres},
journal = {Phys. Rev. B},
year = {2002},
volume = {\textbf{66}} }


@Article{ lim,
author = {T.C. Lim and G. W. Farnell},
title = {Character of pseudo surface waves on anisotropic crystals},
journal = {J.~Acoust. Soc. Am.},
year = {1969},
volume = {\textbf{45}} }


@Article{ ingerbrigsten,
author = {K.A. Ingebrigtsen and A. Tonning},
title = {Elastic surface waves in crystals},
journal = {Phys. Rev.},
year = {1969},
volume = {\textbf{184}} }


@InCollection{ maystre,
author = {D. Maystre},
title = {Theory of {W}ood's Anomalies},
booktitle = {Plasmonics},
pages = {39},
publisher = {Springer-Verlag},
year = {2012},
editor = {S. Enoch and N. Bonod},
volume = {\textbf{167}},
series = {Springer Series in Optical Sciences},
address = {Berlin} }


@Article{ maradudin1,
author = {N.E. Glass and A.A. Maradudin},
title = {Leaky surface-elastic waves on both flat and strongly corrugated surfaces for isotropic, nondissipative media},
journal = {J. Appl. Phys.},
year = {1998},
volume = {\textbf{54}} }


@Article{ maradudin2,
author = {A.A. Maradudin and I. Simonsen},
title = {Rayleigh and {W}ood anomalies in the~diffraction of acoustic waves from the~periodically corrugated surface of an~elastic medium},
journal = {Low Temperature Physics},
year = {2016},
volume = {\textbf{42}} }


@Article{ maradudin3,
author = {A.A. Maradudin and I. Simonsen and W. Zierau},
title = {Leaky surface electromagnetic waves on a high-index dielectric grating},
journal = {Opt. Lett.},
year = {2016},
volume = {\textbf{41}(10)} }


@Article{ johnson,
author = {P.B. Johnson and R.W. Christy},
title = {Optical constants of the~noble metals},
journal = {Phys. Rev. B},
year = {1972},
volume = {\textbf{6}} }


@Article{ rakic,
author = {A.D. Raki\'{c} and A.B Djuri\v{s}ic and J.M. Elazar and M.L. Majewski},
title = {Optical properties of metallic films for vertical-cavity optoelectronic devices},
journal = {Appl. Opt.},
year = {1998},
volume = {\textbf{37}(22)} }


@Article{ moitra,
author = {P. Moitra and others},
title = {Realization of an~all-dielectric zero-index optical metamaterial},
journal = {Nat. Photon.},
year = {2013},
volume = {\textbf{7}} }


Article{ moitrafull,
author = {P. Moitra and Y. Yang and Z. Anderson and I.I. Kravchenko and D.P. Briggs and J. Valentine},
title = {Realization of an~all-dielectric zero-index optical metamaterial},
journal = {Nat. Photon.},
year = {2013},
volume = {\textbf{7}} }


@Article{ fredholm,
author = {E.I. Fredholm},
title = {Sur une classe d'\'{e}quations fonctionnelles},
journal = {Acta Math.},
year = {1903},
volume = {\textbf{27}}
}

%%%%%%%%%%%%%%%%%%%%%%%%%%%%%%%%%%%%%%%%%%
%%%%%%%%%%%%%%%%%%%%%%%%%%%%%%%%%%%%%%%%%%
%%%%%%%%%%%%%%%%%%%%%%%%%%%%%%%%%%%%%%%%%%

@Article{ rayleigh,
author = {Rayleigh, Baron, John William Strutt},
title = {On waves propagated along the~plane surface of an~elastic solid},
journal = {Proc. London Math. Soc.},
year = {1887},
volume = {\textbf{17}} }


@Book{ rayleigh2,
author = {Rayleigh, Baron, John William Strutt},
title = {Theory of sound (Second Edition)},
publisher = {Dover Publications},
year = {1945},
address = {New York} }


@Article{ spence,
author = {R.D. Spence},
title = {The Diffraction of Sound by Circular Disks and Apertures},
journal = {J. Acoust. Soc. Am.},
year = {1948},
volume = {\textbf{20}} }


@Book{ kinsler,
author = {L.E. Kinsler and A.R. Frey and A.B. Coppens and J.V. Sanders},
title = {Fundamentals of Acoustics},
publisher = {John Wiley \& Sons},
year = {1982},
address = {New York} }


@Article{ soroka,
author = {G.P. Wilson and W.W. Soroka},
title = {Approximation to the~Diffraction of Sound by a~Circular Aperture in a~Rigid Wall of Finite Thickness},
journal = {J. Acoust. Soc. Am.},
year = {1965},
volume = {\textbf{37}} }


@Article{ tinti,
author = {S. Tinti},
title = {Diffraction by a~thick slitted screen},
journal = {J. Acoust. Soc. Am.},
year = {1979},
volume = {\textbf{65}} }


@Article{ christensen1,
author = {J. Christensen and L. Martin-Moreno and F.J. Garc{\'\i}a-Vidal},
title = {Theory of Resonant Acoustic Transmission through Subwavelength Apertures},
journal = {Phys. Rev. Lett.},
year = {2008},
volume = {\textbf{101}} }


@Article{ lu,
author = {M.-H. Lu and others},
title = {Extraordinary Acoustic Transmission through a~1{D} Grating with Very Narrow Apertures},
journal = {Phys. Rev. Lett.},
year = {2007},
volume = {\textbf{99}} }


Article{ lufull,
author = {M.-H. Lu and X.-K. Liu and L. Feng and J. Li and C.-P. Huang and Y.-F. Chen and Y.-Y. Zhu and S.-N. Zhu and N.-B. Ming},
title = {Extraordinary Acoustic Transmission through a~1{D} Grating with Very Narrow Apertures},
journal = {Phys. Rev. Lett.},
year = {2007},
volume = {\textbf{99}} }


@Article{ ebbesen,
author = {T.W. Ebbesen and H.J. Lezec and H.F. Ghaemi and T. Thio and P.A. Wolff},
title = {Extraordinary optical transmission through sub-wavelength hole arrays},
journal = {Nature},
year = {1998},
volume = {\textbf{391}} }


@Article{ kelders,
author = {L. Kelders and J.F. Allard and W. Lauriks},
title = {Ultrasonic surface waves above rectangular-groove gratings},
journal = {J. Acoust. Soc. Am.},
year = {1998},
volume = {\textbf{103}} }


@Article{ zhang999,
author = {X. Zhang},
title = {Acoustic resonant transmission through acoustic gratings with very narrow slits: Multiple-scattering numerical simulations},
journal = {Phys. Rev. B},
year = {2005},
volume = {\textbf{71}} }


@Article{ hou,
author = {B. Hou and others},
title = {Tuning {F}abry-{P}erot resonances via diffraction evanescent waves},
journal = {Phys. Rev. B},
year = {2007},
volume = {\textbf{76}} }


Article{ houfull,
author = {B. Hou and J. Mei and M. Ke and W. Wen and Z. Liu and J. Shi and P. Sheng},
title = {Tuning {F}abry-{P}erot resonances via diffraction evanescent waves},
journal = {Phys. Rev. B},
year = {2007},
volume = {\textbf{76}} }


@Article{ christensen2,
author = {J. Christensen and A.I. Fernandez-Dominguez and F. de Leon-Perez and L. Mart{\'{i}}n-Moreno and F.J. Garc{\'i}a-Vidal},
title = {Collimation of sound assisted by acoustic surface waves},
journal = {Nat. Phys.},
year = {2007},
volume = {\textbf{3}} }


@Article{ christensen3,
author = {J. Christensen and L. Mart{\'{i}}n-Moreno and F.J. Garc{\'i}a-Vidal},
title = {Enhanced acoustical transmission and beaming effect through a~single aperture},
journal = {Phys. Rev. B},
year = {2010},
volume = {\textbf{81}} }


@Article{ zhou,
author = {Y. Zhou and others},
title = {Acoustic Surface Evanescent Wave and its Dominant Contribution to Extraordinary Acoustic Transmission and Collimation of Sound},
journal = {Phys. Rev. Lett.},
year = {2010},
volume = {\textbf{104}} }


Article{ zhoufull,
author = {Y. Zhou and M.-H. Lu and L. Feng and X. Ni and Y.-F. Chen and Y.-Y. Zhu and S.-N. Zhu and N.-B.\textcolor{white}{a}Ming},
title = {Acoustic Surface Evanescent Wave and its Dominant Contribution to Extraordinary Acoustic Transmission and Collimation of Sound},
journal = {Phys. Rev. Lett.},
year = {2010},
volume = {\textbf{104}} }


@Article{ norris4,
author = {A.N. Norris and H.A. Luo},
title = {Acoustic radiation and reflection from a~periodically perforated rigid solid},
journal = {J. Acoust. Soc. Am.},
year = {1987},
volume = {\textbf{82}} }


@Article{ mcphedran,
author = {R.C. McPhedran and D. Maystre},
title = {On the~theory and solar application of inductive grids},
journal = {Appl. Phys.},
year = {1977},
volume = {\textbf{14}} }


@Article{ vidal,
author = {F.J. Garc{\'\i}a-Vidal and L. Martin-Moreno and T.W. Ebbesen and L. Kuipers},
title = {Light passing through subwavelength apertures},
journal = {Rev. Mod. Phys.},
year = {2010},
volume = {\textbf{82}} }


@Article{ sturman2,
author = {B. S{t}urman and E. Podivilov and M. Gorkunov},
title = {Eigenmodes for metal-dielectric light-transmitting nanostructures},
journal = {Phys. Rev. B},
year = {2007},
volume = {\textbf{76}} }


@Article{ sturman,
author = {B. Sturman and E. Podivilov and M. Gorkunov},
title = {Transmission and diffraction properties of a~narrow slit in a~perfect metal},
journal = {Phys. Rev. B},
year = {2010},
volume = {\textbf{82}} }


@Article{ folk,
author = {R. Folk and A. Herczynski},
title = {Solutions of elastodynamic slab problems using a~new orthogonality condition},
journal = {J. Acoust. Soc. Am.},
year = {1986},
volume = {\textbf{80}} }


@Book{ viktor,
editor = {I.A. Viktorov},
title = {Rayleigh and {L}amb Waves: Physical Theory and Applications},
publisher = {Plenum},
year = {1967},
address = {New York} }


@Article{ adv,
author = {V.M. Garc{\'\i}a-Chocano and T. L\'{o}pez-Rios and  A. Krokhin and J. S\'{a}nchez-Dehesa},
title = {Resonant excitation of coupled {R}ayleigh waves in a~short and narrow fluid channel clad between two identical metal plates},
journal = {AIP Advances},
year = {2011},
volume = {\textbf{1}} }


@Book{ achenbac,
editor = {D. Achenbac},
title = {Wave propagation in elastic solids},
publisher = {North-Holland},
year = {1973},
address = {Amsterdam} }


@Book{ ash,
editor = {E.A. Ash and E.G. Paige},
title = {Rayleigh-wave theory and applications},
publisher = {Springer-Verlag},
year = {1985},
address = {New York} }


@Article{ stefanou,
author = {R. Sainidou and N. Stefanou},
title = {Guided and quasiguided elastic waves in phononic crystal slabs},
journal = {Phys. Rev. B},
year = {2006},
volume = {\textbf{73}} }


@Article{ estrada,
author = {H. Estrada and others},
title = {Extraordinary Sound Screening in Perforated Plates},
journal = {Phys. Rev. Lett.},
year = {2008},
volume = {\textbf{101}} }


Article{ estradafull,
author = {H. Estrada and P. Candelas and A. Uris and F. Belmar and F.J. Garc{\'\i}a de Abajo and F. Meseguer},
title = {Extraordinary Sound Screening in Perforated Plates},
journal = {Phys. Rev. Lett.},
year = {2008},
volume = {\textbf{101}} }


@Article{ estrada2,
author = {H. Estrada and others},
title = {Angle-Dependent Ultrasonic Transmission through Plates with Subwavelength Hole Arrays},
journal = {Phys. Rev. Lett.},
year = {2009},
volume = {\textbf{102}} }


Article{ estrada2full,
author = {H. Estrada and F.J. Garc{\'\i}a de Abajo and P. Candelas and A. Uris and F. Belmar and F.~Meseguer},
title = {Angle-Dependent Ultrasonic Transmission through Plates with Subwavelength Hole Arrays},
journal = {Phys. Rev. Lett.},
year = {2009},
volume = {\textbf{102}} }


@Article{ estrada3,
author = {H. Estrada and J.M. Bravo and F. Meseguer},
title = {High Sound Screening in in low impedance slit arrays},
journal = {New Journal of Physics},
year = {2011},
volume = {\textbf{13}} }


@Article{ lloyd,
author = {P.P. Lloyd and M. Redwood},
title = {Wave propagation in a~layered plate composed of two solids with perfect contact, slip, or a~fluid layer at their interface},
journal = {Acustica},
year = {1965},
volume = {\textbf{16}} }


@Article{ seo,
author = {M.A. Seo and others},
title = {Terahertz field enhancement by a~metallic nano slit operating beyond the~skin-depth limit},
journal = {Nat. Photon.},
year = {2009},
volume = {\textbf{3}} }


Article{ seofull,
author = {M.A. Seo and H.R. Park and S.M. Koo and D.J. Park and J.H. Kang and O.K. Suwal and S.S. Choi and P.C.M.\textcolor{white}{a}Planken and G.S. Park and N.K. Park and Q.H. Park and D.S. Kim},
title = {Terahertz field enhancement by a~metallic nano slit operating beyond the~skin-depth limit},
journal = {Nat. Photon.},
year = {2009},
volume = {\textbf{3}} }


@Article{ xia,
author = {X. Chen and others},
title = {Squeezing Millimeter Waves through a~Single, Nanometer-wide, Centimeter-long Slit},
journal = {Scientific Reports},
year = {2014},
volume = {\textbf{4}} }


Article{ xiafull,
author = {X. Chen and others and H.-R. Park and N.C. Lindquist and J. Shaver and M. Pelton and S.-H. Oh},
title = {Squeezing Millimeter Waves through a~Single, Nanometer-wide, Centimeter-long Slit},
journal = {Scientific Reports},
year = {2014},
volume = {\textbf{4}} }


@Article{ lyon,
author = {R.H. Lyon},
title = {Response of an~Elastic Plate to Localized Driving Forces},
journal = {J. Acoust. Soc. Am.},
year = {1955},
volume = {\textbf{27}} }


@Article{ bobrovnitskii,
author = {Yu.I. Bobrovnitskii},
title = {Orthogonality relation for {L}amb waves},
journal = {Soviet Phys. - Acoustics},
year = {1973},
volume = {\textbf{18}} }


@Article{ zakharov,
author = {D.D. Zakharov},
title = {Dirichlet-{N}eumann conditions and the~orthogonality of three-dimensional guided waves in layered solids},
journal = {Computational Mathematics and Mathematical Physics},
year = {2010},
volume = {\textbf{50}} }


@Article{ jia,
author = {H. Jia and Y. Xie and H. Liu and Y. Zhong},
title = {Analytical model for the~excitation of leaky surface plasmon polaritons in the~attenuated total reflection configuration},
journal = {J. Opt.},
year = {2016},
volume = {\textbf{18}} }

%%%%%%%%%%%%%%%%%%%%%%%%%%%%%%%%%%%%%%%%%%
%%%%%%%%%%%%%%%%%%%%%%%%%%%%%%%%%%%%%%%%%%
%%%%%%%%%%%%%%%%%%%%%%%%%%%%%%%%%%%%%%%%%%

@Article{ twersky,
author = {V. Twersky},
title = {Elementary function representation of the~{S}chl\"{o}milch series},
journal = {Arch. Ration. Mech. Anal.},
year = {1961},
volume = {\textbf{8}} }


@InBook{ abramowitz,
Editor = {M. Abramowitz and I.A. Stegun},
Title = {Handbook of Mathematical Functions With Formulas, Graphs, and Mathematical Tables},
Publisher = {Dover},
address = {New York},
series = {Applied Mathematics Series},
volume = {\textbf{55}},
Year = {1970},
pages = {363} }


@Misc{ wikiwaves,
OPTkey = {•},
OPTauthor = {•},
title = {Graf's Addition Theorem},
howpublished = {\url{http://www.wikiwaves.org/Graf's_Addition_Theorem}},
OPTmonth = {•},
year = {2009 (accessed October 5, 2017)},
OPTnote = {•},
OPTannote = {•}
}


@Article{ tamm,
author = {I. Tamm},
title = {On the~possible bound states of electrons on a~crystal surface},
journal = {Phys. Z. Soviet Union},
year = {1932},
volume = {\textbf{1}: 733} }


@Article{ shockley,
author = {W. Shockley},
title = {On the~Surface States Associated with a~Periodic Potential},
journal = {Phys. Rev.},
year = {1939},
volume = {\textbf{56}(4)} }


@Article{ khurgin1,
author = {J. Khurgin and W.-Y. Tsai and D.P. Tsai and G. Sun},
title = {Landau Damping and Limit to Field Confinement and Enhancement in Plasmonic Dimers},
journal = {ACS Photonics},
year = {2017},
volume = {\textbf{4}(11)} }


@Article{ khurgin2,
author = {J. K{h}urgin},
title = {How to deal with the loss in plasmonics and metamaterials?},
journal = {Nat. Nanotech.},
year = {2015},
volume = {\textbf{10}} }


@Article{ khurgin3,
author = {G. Sun and J. Khurgin and R. Soref},
title = {Practicable enhancement of spontaneous emission using surface plasmons},
journal = {Appl. Phys. Lett.},
year = {2007},
volume = {\textbf{90}} }


@Article{ gumbs,
author = {G. Gumbs and A. Iurov and D. Huang and W. Pan},
title = {Tunable surface plasmon instability leading to emission of radiation},
journal = {Journal of Applied Physics},
volume = {\textbf{118}(5)},
year = {2015}}


@Article{ stockman,
author = {M. Stockman},
title = {Nanoplasmonics: past, present, and glimpse into future},
journal = {Opt. Express},
volume = {\textbf{19}},
year = {2011}}


@Book{ maier2,
Author = {S.A. Maier},
Title = {Plasmonics: Fundamentals and Applications},
Publisher = {Springer},
address = {New York},
Year = {2007} }


@Book{ shalaev,
Author = {W. Cai and V. Shalaev},
Title = {Optical Metamaterials: Fundamentals and Applications},
Publisher = {Springer},
address = {New York},
Year = {2010} }


@Book{ raether,
author = {H. Raether},
title = {Surface Plasmons on Smooth and Rough Surfaces and on Gratings},
publisher = {Springer-Verlag},
year = {1988},
address = {Berlin Heidelberg},
series = {Springer Tracts in Modern Physics},
volume = {11} }


@Article{ smallworld,
author = {},
title = {A small world full of opportunities},
journal = {Nat. Mater.},
volume = {\textbf{9}},
year = {2010},
note = {Editorial} }


@Article{ notsosmall,
author = {},
title = {Not so small},
journal = {Nat. Photon.},
volume = {\textbf{8}},
year = {2014},
note = {Editorial} }


@Article{ schuller,
author = {J.A. Schuller and others},
title = {Plasmonics for extreme light concentration and manipulation},
journal = {Nat. Mater.},
volume = {\textbf{9}},
year = {2010} }


Article{ schullerfull,
author = {J.A. Schuller and E.S. Barnard and W. Cai and Y.C. Jun and J.S. White and M.L. Brongersma},
title = {Plasmonics for extreme light concentration and manipulation},
journal = {Nat. Mater.},
volume = {\textbf{9}},
year = {2010} }


@Article{ gabitov1,
author = {E.A. Gibson and M. Pennybacker and A.I. Maimistov and I.R. Gabitov and N.M. Litchinitser},
title = {Resonant absorption in transition metamaterials: parametric study},
journal = {J. Opt.},
volume = {\textbf{13}},
year = {2010} }


@Article{ gabitov2,
author = {N.M. Litchinitser and A.I. Maimistov and I.R. Gabitov and R.Z. Sagdeev and V.M. Shalaev},
title = {Metamaterials: electromagnetic enhancement at zero-index transition},
journal = {Opt. Lett.},
volume = {\textbf{33}(20)},
year = {2008} }


@Article{ veselago,
author = {V.G. Veselago},
title = {THE ELECTRODYNAMICS OF SUBSTANCES WITH SIMULTANEOUSLY NEGATIVE VALUES OF $\epsilon$ AND $\mu$},
journal = {Sov. Phys. Usp.},
volume = {\textbf{10}(509)},
year = {1968} }


@Article{ pendry,
author = {J.B. Pendry},
title = {Negative Refraction Makes a Perfect Lens},
journal = {Phys. Rev. Lett.},
volume = {\textbf{85}},
year = {2000} }


@Article{ shalaev2,
author = {V.M. Shalaev},
title = {Optical negative-index metamaterials},
journal = {Nat. Photon.},
volume = {\textbf{1}(41)},
year = {2007} }


@Article{ schilling,
author = {J. Schilling},
title = {Fundamental optical physics: The quest for zero refractive index},
journal = {Nat. Photon.},
volume = {\textbf{5}(449)},
year = {2011} }